@misc{andrade2002mitos,
  title={Mitos de Los Dioses Griegos},
  author={Andrade, C and Vial, ML},
  year={2002},
  publisher={Editorial Andres Bello}
}

@Misc{HeraGreekGoddess,
  key          = {{Hera, Griegos, diosa}},
  title        = {{Hera: Greek goddess of marriage}},
  howpublished = {\url{http://www.theoi.com/Olympios/Hera.html}},
  year         = {visitado 06/2014}
}
